% !TEX root = ./repair.tex

@book{boyd:04,
	Address = {New York, NY, USA},
	Author = {Stephen Boyd and Lieven Vandenberghe},
	Isbn = {0521833787},
	Publisher = {Cambridge University Press},
	Title = {Convex Optimization},
	Year = {2004}
}

@article{huber:64,
	author = "Huber, Peter J.",
  journal = "Ann. Math. Statist.",
	month = "03",
	number = "1",
	pages = "73--101",
	publisher = "The Institute of Mathematical Statistics",
	title = "Robust Estimation of a Location Parameter",
	volume = "35",
	year = "1964"
}


@article{gao2020,
  author = "Gao, Chao",
  fjournal = "Bernoulli",
  journal = "Bernoulli",
  month = "05",
  number = "2",
  pages = "1139--1170",
  publisher = "Bernoulli Society for Mathematical Statistics and Probability",
  title = "Robust regression via mutivariate regression depth",
  volume = "26",
  year = "2020"
}


@article{chen2016,
  author = "Chen, Mengjie and Gao, Chao and Ren, Zhao",
  fjournal = "Electronic Journal of Statistics",
  journal = "Electron. J. Statist.",
  number = "2",
  pages = "3752--3774",
  publisher = "The Institute of Mathematical Statistics and the Bernoulli Society",
  title = "A general decision theory for {H}uberâ€™s $\epsilon$-contamination model",
  volume = "10",
  year = "2016"
}

@article{rush2017,
  author = {C. Rush and A. Greig and R. Venkataramanan},
	title = {Capacity-achieving sparse superposition codes via approximate message passing decoding},
	journal = {IEEE Trans. Info. Theory},
	volume = {63},
	number = {3},
	pages = {1476--1500},
	month = {March},
	year = {2017},
}

@article{joseph2012,
  title={Least squares superposition codes of moderate dictionary size are reliable at rates up to capacity},
  author={Joseph, Antony and Barron, Andrew R},
  journal={IEEE Transactions on Information Theory},
  volume={58},
  number={5},
  pages={2541--2557},
  year={2012},
  publisher={IEEE}
}

@incollection{rahimi2008,
  title = {Random Features for Large-Scale Kernel Machines},
  author = {Ali Rahimi and Recht, Benjamin},
  booktitle = {Advances in Neural Information Processing Systems 20},
  editor = {J. C. Platt and D. Koller and Y. Singer and S. T. Roweis},
  pages = {1177--1184},
  year = {2008},
  publisher = {Curran Associates, Inc.},
}
